<?xml version="1.0" encoding="UTF-8"?><collection xmlns="http://www.loc.gov/MARC21/slim"><record><leader>00567nam--2200193-i-4500</leader><controlfield tag="001">000042770</controlfield><controlfield tag="002">20161230</controlfield><controlfield tag="005">20161230201043</controlfield><controlfield tag="008">060222s1000------------r-----000-0-eng-d</controlfield><datafield ind1=" " ind2=" " tag="040"><subfield code="a">IFIN-HH</subfield></datafield><datafield ind1=" " ind2=" " tag="080"><subfield code="a">533.9:539.2</subfield></datafield><datafield ind1="1" ind2=" " tag="100"><subfield code="a">Steele, Martin C</subfield></datafield><datafield ind1=" " ind2=" " tag="245"><subfield code="a">Wave interactions in solid state plasmas</subfield><subfield code="c">Martin c. steele, bayram vural</subfield></datafield><datafield ind1=" " ind2=" " tag="260"><subfield code="a">New York, Mcgraw-hill Book Company, 1969</subfield></datafield><datafield ind1=" " ind2=" " tag="300"><subfield code="a">IX + 285 P</subfield></datafield><datafield ind1=" " ind2=" " tag="490"><subfield code="a">Mcgraw-hill Advanced Physics Monographs Series</subfield></datafield><datafield ind1="1" ind2=" " tag="700"><subfield code="a">Vural, Bayram</subfield></datafield><datafield ind1=" " ind2=" " tag="852"><subfield code="a">31256</subfield><subfield code="c">533.9</subfield></datafield><datafield ind1=" " ind2=" " tag="CAT"><subfield code="a">Sys</subfield><subfield code="c">20100923</subfield><subfield code="h">114624</subfield></datafield></record></collection>